<record xmlns='http://www.loc.gov/MARC21/slim'><leader>04877cam a2200517 i 4500</leader><controlfield tag='001'>8632747</controlfield><controlfield tag='005'>20220502091651.0</controlfield><controlfield tag='006'>m     o  d        </controlfield><controlfield tag='007'>cr un ---munuu</controlfield><controlfield tag='008'>220321t20222022xnahaocgob    001 0ceng d</controlfield><datafield ind1='1' ind2=' ' tag='019'><subfield code='a'>71279306</subfield></datafield><datafield ind1=' ' ind2=' ' tag='020'><subfield code='a'>9780648801962</subfield><subfield code='q'>PDF</subfield></datafield><datafield ind1=' ' ind2=' ' tag='035'><subfield code='a'>(AU-CaNED)NED215033P695961</subfield></datafield><datafield ind1=' ' ind2=' ' tag='040'><subfield code='a'>NSL:NED</subfield><subfield code='b'>eng</subfield><subfield code='e'>rda</subfield><subfield code='d'>NSL</subfield></datafield><datafield ind1=' ' ind2=' ' tag='042'><subfield code='a'>anuc</subfield></datafield><datafield ind1=' ' ind2=' ' tag='043'><subfield code='a'>e-uk-en</subfield></datafield><datafield ind1='0' ind2='4' tag='082'><subfield code='a'>921</subfield><subfield code='2'>23</subfield></datafield><datafield ind1='1' ind2=' ' tag='100'><subfield code='a'>Jordaan, Peter,</subfield><subfield code='e'>author.</subfield></datafield><datafield ind1='1' ind2='2' tag='245'><subfield code='a'>A secret between gentlemen :</subfield><subfield code='b'>Lord Battersea&apos;s hidden scandal and the lives it changed forever.</subfield><subfield code='n'>Volume 1 /</subfield><subfield code='c'>Peter Jordaan.</subfield></datafield><datafield ind1=' ' ind2=' ' tag='250'><subfield code='a'>1st edition.</subfield></datafield><datafield ind1=' ' ind2='1' tag='264'><subfield code='a'>Sydney, NSW :</subfield><subfield code='b'>Alchemie Books,</subfield><subfield code='c'>[2022].</subfield></datafield><datafield ind1=' ' ind2='4' tag='264'><subfield code='c'>©2022.</subfield></datafield><datafield ind1=' ' ind2=' ' tag='300'><subfield code='a'>1 online resource (823 pages) :</subfield><subfield code='b'>illustrations, black and white photographs, portraits.</subfield></datafield><datafield ind1=' ' ind2=' ' tag='336'><subfield code='a'>still image</subfield><subfield code='2'>rdacontent</subfield></datafield><datafield ind1=' ' ind2=' ' tag='336'><subfield code='a'>text</subfield><subfield code='b'>txt</subfield><subfield code='2'>rdacontent</subfield></datafield><datafield ind1=' ' ind2=' ' tag='337'><subfield code='a'>computer</subfield><subfield code='b'>c</subfield><subfield code='2'>rdamedia</subfield></datafield><datafield ind1=' ' ind2=' ' tag='338'><subfield code='a'>online resource</subfield><subfield code='b'>cr</subfield><subfield code='2'>rdacarrier</subfield></datafield><datafield ind1=' ' ind2=' ' tag='347'><subfield code='a'>text file</subfield><subfield code='b'>PDF</subfield><subfield code='c'>114.3MB</subfield><subfield code='2'>rdaft</subfield></datafield><datafield ind1=' ' ind2=' ' tag='347'><subfield code='a'>text file</subfield><subfield code='b'>PDF</subfield><subfield code='c'>114.3MB</subfield></datafield><datafield ind1=' ' ind2=' ' tag='500'><subfield code='a'>Sources include Bernard Fraser&apos;s criminal file, French Intelligence Service files of Mohamed Iguabouchenes, The Daily Mirror&apos;s obituary notice, Lord Battersea&apos;s bookplate and his case timeline.</subfield></datafield><datafield ind1=' ' ind2=' ' tag='500'><subfield code='a'>Title from the title screen.</subfield></datafield><datafield ind1=' ' ind2=' ' tag='504'><subfield code='a'>Includes bibliographical references and index.</subfield></datafield><datafield ind1='1' ind2=' ' tag='506'><subfield code='a'>National edeposit: Available onsite at the National Library of Australia, State Library of New South Wales</subfield><subfield code='f'>Online access with authorization</subfield><subfield code='2'>star</subfield><subfield code='5'>AU-CaNED</subfield></datafield><datafield ind1=' ' ind2=' ' tag='520'><subfield code='a'>A Secret Between Gentlemen: Lord Battersea&apos;s hidden scandal and the lives it changed forever is a true story stranger than fiction. Stretching from England to Australia and Algeria, it details a British Government coverup of a scandal involving great names. Suppressed for 120 years, this astonishing history of shattered and re-invented lives has never been told, and until recently could not be told. A secret deeply hidden: The scandal occurred in the summer of 1902, as Britain was preparing for the coronation of King Edward VII. Behind the scenes, officials were scrambling to hush up a major criminal case. It involved the procurement of youths for thirty prominent and aristocratic gentlemen, including members of parliament.The ringleader of the group was the M.P., connoisseur and plutocrat, Cyril Flower, Lord Battersea, who helped develop the London suburb of that name. Considered the most handsome man in Parliament, he was married to heiress Constance de Rothschild. The couple were renowned for their philanthropy.</subfield><subfield code='b'>The investigation: The criminal investigation led detectives to country houses, private yachts, and other quarters of the rich and powerful. The police became alarmed at what they were uncovering, and it became a serious question of public policy as to how far they should proceed in their inquiries. The investigation would climax in a dramatic midnight arrest aboard a ship bound for France. Privileged justice: So grave was the scandal, it was smothered by officials, including King Edward VII, to avoid &quot;a great national disgrace, and pollution of the public mind.&quot; All those involved were secretly granted immunity from prosecution, with the exception of two procurers from the gentry who were quietly imprisoned in a stage-managed trial. Following their release, they reinvented themselves, with extraordinary consequences. One became a renowned headmaster in Australia, and the other the patron of a composer who became famous. A third procurer, who absconded, converted to Catholicism and became a Vatican chamberlain to Pope Pius XI.  Deeply researched: Meticulously researched in archives across the world, and with the help of living descendants, the 822 page book details the investigation, arrests and trial; and behind-the-scenes machinations. It also sheds light on Edwardian society as a whole, from its highest reaches to its lowest depths.For anyone who enjoys British or gay history; stories of grand lives and eccentricity; or criminal and political scandal, it is an account not to be missed. It includes 48 pages of photographs: some from private albums are published for the first time. -- Publisher&apos;s description.</subfield></datafield><datafield ind1=' ' ind2=' ' tag='538'><subfield code='a'>Mode of Access: Available online.</subfield></datafield><datafield ind1='1' ind2='0' tag='600'><subfield code='a'>Flower, Cyril,</subfield><subfield code='d'>1843-1907.</subfield></datafield><datafield ind1=' ' ind2='0' tag='650'><subfield code='a'>Biographies.</subfield></datafield><datafield ind1=' ' ind2='0' tag='650'><subfield code='a'>Criminal investigation</subfield><subfield code='z'>England.</subfield></datafield><datafield ind1=' ' ind2='0' tag='650'><subfield code='a'>Scandals</subfield><subfield code='z'>England</subfield><subfield code='x'>History</subfield><subfield code='y'>21st Century.</subfield></datafield><datafield ind1=' ' ind2='7' tag='650'><subfield code='a'>Australian history.</subfield></datafield><datafield ind1=' ' ind2='0' tag='655'><subfield code='a'>Electronic books</subfield></datafield><datafield ind1=' ' ind2='7' tag='655'><subfield code='a'>Nonfiction.</subfield><subfield code='2'>lcgft</subfield></datafield><datafield ind1='4' ind2='0' tag='856'><subfield code='z'>National edeposit: Onsite at National Library of Australia</subfield><subfield code='u'>https://nla.gov.au/nla.obj-3046547378</subfield><subfield code='x'>ISD5:ANL:NED</subfield></datafield><datafield ind1='4' ind2='2' tag='856'><subfield code='3'>Thumbnail</subfield><subfield code='u'>https://nla.gov.au/nla.obj-3046547378-t</subfield></datafield><datafield ind1='4' ind2='2' tag='856'><subfield code='z'>Publisher&apos;s website</subfield><subfield code='u'>https://www.amazon.com/Peter-Jordaan/e/B09W67FLY6</subfield></datafield><datafield ind1=' ' ind2=' ' tag='984'><subfield code='a'>ANL:NED</subfield><subfield code='c'>National edeposit</subfield></datafield></record>